[gd_scene load_steps=13 format=2]

[ext_resource path="res://assets/CameraRig.tscn" type="PackedScene" id=1]
[ext_resource path="res://assets/StartBlock.tscn" type="PackedScene" id=2]
[ext_resource path="res://assets/Environment.tscn" type="PackedScene" id=3]
[ext_resource path="res://src/DevCourse.cs" type="Script" id=4]
[ext_resource path="res://src/Course.cs" type="Script" id=5]
[ext_resource path="res://src/CourseHole.cs" type="Script" id=6]
[ext_resource path="res://scenes/PodiumIslandScene.tscn" type="PackedScene" id=7]

[sub_resource type="CubeMesh" id=1]

[sub_resource type="SpatialMaterial" id=2]
params_specular_mode = 4
albedo_color = Color( 0.541176, 0.654902, 0.592157, 1 )
metallic_specular = 0.0

[sub_resource type="ConcavePolygonShape" id=3]
data = PoolVector3Array( -1, 1, 1, 1, 1, 1, -1, -1, 1, 1, 1, 1, 1, -1, 1, -1, -1, 1, 1, 1, -1, -1, 1, -1, 1, -1, -1, -1, 1, -1, -1, -1, -1, 1, -1, -1, 1, 1, 1, 1, 1, -1, 1, -1, 1, 1, 1, -1, 1, -1, -1, 1, -1, 1, -1, 1, -1, -1, 1, 1, -1, -1, -1, -1, 1, 1, -1, -1, 1, -1, -1, -1, 1, 1, 1, -1, 1, 1, 1, 1, -1, -1, 1, 1, -1, 1, -1, 1, 1, -1, -1, -1, 1, 1, -1, 1, -1, -1, -1, 1, -1, 1, 1, -1, -1, -1, -1, -1 )

[sub_resource type="BoxShape" id=6]
extents = Vector3( 2.10626, 0.550627, 0.730102 )

[sub_resource type="BoxShape" id=5]
extents = Vector3( 284.234, 7.16492, 346.503 )

[node name="DevCourse" type="Spatial"]
script = ExtResource( 4 )

[node name="Course" type="Spatial" parent="."]
script = ExtResource( 5 )

[node name="Environment" parent="Course" instance=ExtResource( 3 )]
transform = Transform( 1, 0, 0, 0, 1, 0, 0, 0, 1, 0, 21.2957, 0 )

[node name="CameraRig" parent="Course" instance=ExtResource( 1 )]
unique_name_in_owner = true
ZoomStrength = 0.1
Sensitivity = 0.003
Distance = 10.747
Latitude = 1.254
Longitude = 2.44

[node name="Holes" type="Spatial" parent="Course"]
unique_name_in_owner = true

[node name="CourseHole2" type="Spatial" parent="Course/Holes"]
transform = Transform( 0.907022, 0, 0.421083, 0, 1, 0, -0.421083, 0, 0.907022, 39.908, 0, -11.943 )
script = ExtResource( 6 )
SkipIntro = true

[node name="Contents" type="Spatial" parent="Course/Holes/CourseHole2"]

[node name="MeshInstance3" type="MeshInstance" parent="Course/Holes/CourseHole2/Contents"]
transform = Transform( 1.33751, 0, 0, 0, 2.35094, 0, 0, 0, 2.38508, -2.08897, 0.450678, -10.6516 )
mesh = SubResource( 1 )
material/0 = SubResource( 2 )

[node name="StaticBody" type="StaticBody" parent="Course/Holes/CourseHole2/Contents/MeshInstance3"]

[node name="CollisionShape" type="CollisionShape" parent="Course/Holes/CourseHole2/Contents/MeshInstance3/StaticBody"]
shape = SubResource( 3 )

[node name="MeshInstance4" type="MeshInstance" parent="Course/Holes/CourseHole2/Contents"]
transform = Transform( 1.33751, 0, 0, 0, 2.35094, 0, 0, 0, 2.38508, 2.02194, 0.450678, -10.6516 )
mesh = SubResource( 1 )
material/0 = SubResource( 2 )

[node name="StaticBody" type="StaticBody" parent="Course/Holes/CourseHole2/Contents/MeshInstance4"]

[node name="CollisionShape" type="CollisionShape" parent="Course/Holes/CourseHole2/Contents/MeshInstance4/StaticBody"]
shape = SubResource( 3 )

[node name="MeshInstance" type="MeshInstance" parent="Course/Holes/CourseHole2/Contents"]
transform = Transform( 10.8394, 0, 0, 0, 0.681314, 0, 0, 0, 10.8394, 0, -2.51252, 0 )
mesh = SubResource( 1 )
skeleton = NodePath("../..")
material/0 = SubResource( 2 )

[node name="StaticBody" type="StaticBody" parent="Course/Holes/CourseHole2/Contents/MeshInstance"]

[node name="CollisionShape" type="CollisionShape" parent="Course/Holes/CourseHole2/Contents/MeshInstance/StaticBody"]
shape = SubResource( 3 )

[node name="MeshInstance2" type="MeshInstance" parent="Course/Holes/CourseHole2/Contents"]
transform = Transform( 10.8394, 0, 0, 0, 7.84915, 0, 0, 0, 1.54437, 0, -2.51252, -12.231 )
mesh = SubResource( 1 )
skeleton = NodePath("../..")
material/0 = SubResource( 2 )

[node name="StaticBody" type="StaticBody" parent="Course/Holes/CourseHole2/Contents/MeshInstance2"]

[node name="CollisionShape" type="CollisionShape" parent="Course/Holes/CourseHole2/Contents/MeshInstance2/StaticBody"]
shape = SubResource( 3 )

[node name="Start" parent="Course/Holes/CourseHole2" instance=ExtResource( 2 )]
transform = Transform( 0.989829, -0.142266, 2.98023e-08, 0.142266, 0.989828, 0, -2.98023e-08, 1.11759e-08, 1, 0, -0.387239, 9.63684 )

[node name="EndArea" type="Area" parent="Course/Holes/CourseHole2"]
transform = Transform( 1, 0, 0, 0, 2.57014, 0, 0, 0, 1, 0, -0.195535, -9.82899 )

[node name="CollisionShape" type="CollisionShape" parent="Course/Holes/CourseHole2/EndArea"]
transform = Transform( 1, 0, 0, 0, 1, 0, 0, 0, 1, 0, -0.146715, -0.151565 )
shape = SubResource( 6 )

[node name="OutOfBoundsArea" type="Area" parent="Course/Holes/CourseHole2"]
transform = Transform( 1, 0, 0, 0, 1, 0, 0, 0, 1, 0, -0.195535, -0.592267 )

[node name="CollisionShape" type="CollisionShape" parent="Course/Holes/CourseHole2/OutOfBoundsArea"]
transform = Transform( 1, 0, 0, 0, 1, 0, 0, 0, 1, 0, -36.0369, 0 )
shape = SubResource( 5 )

[node name="EndingPodium" parent="Course" instance=ExtResource( 7 )]
transform = Transform( 1, 0, 0, 0, 1, 0, 0, 0, 1, 11.213, 4.74605, -35.841 )
